%   ****************************************
%   * File: SAMPLE.BIB                     *
%   ****************************************
%   * An invented bib file                 *
%   * For the sample texts                 *
%   * The order is unimportant and there   *
%   * may be more entries than references  *
%   * in the text                          *
%   ****************************************
% 

% Taken from: http://tug.ctan.org/tex-archive/macros/latex/contrib/aguplus/sample.bib
% With minor modifications by Joshua T. Guerin for Senior Design
@misc{unrealweb,
  author = {Epic Games Inc.},
  title = {The {U}nreal {E}ngine},
  year = {2023},
  howpublished="\url{https://www.unrealengine.com/en-US}",
  urldate = {2023-09-13}
}

@misc{UDB,
  author = {Jewalky},
  title = {Ultimate Doom Builder},
  year = {2023},
  howpublished="\url{https://github.com/jewalky/UltimateDoomBuilder}",
  urldate = {2022-09-13}
}

@misc{Blender,
  author = {Blender},
  title = {Blender},
  year = {2023},
  howpublished="\url{https://www.blender.org/}",
  urldate = {2023-09-13}
}

@misc{Autodesk,
  author = {Autodesk},
  title = {Maya},
  year = {2023},
  howpublished="\url{https://www.autodesk.com/products/maya/overview}",
  urldate = {2023-09-13}
}